@misc{ nih-epilepsy,
  	title = "Epilepsy",
	howpublished = "\url{http://www.ncbi.nlm.nih.gov/pubmedhealth/PMH0001714/}"
}
